@Article{RBG08,
  Title                    = {{Poincar\'e dodecahedral space parameter estimates}},
  Author                   = {{Roukema}, B.~F. and {Buli\'nski}, Z. and {Gaudin}, N.~E.},
  Journal                  = {\aap},
  Year                     = {2008},
  Month                    = jul,
  Pages                    = {657},
  Volume                   = {492},
  Adsnote                  = {Provided by the SAO/NASA Astrophysics Data System},
  Adsurl                   = {http://cdsads.u-strasbg.fr/abs/2008arXiv0807.4260R},
  archivePrefix = "arXiv",
  Eprint                   = {0807.4260},
  Origbibcode              = {{2008A&A...492..657R}},
  Pagesall                 = {{657-673}}
}

@Article{RBSG08,
  Title                    = {{The optimal phase of the generalised Poincare dodecahedral space hypothesis implied by the spatial cross-correlation function of the WMAP sky maps}},
  Author                   = {{Roukema}, B.~F. and {Buli\'nski}, Z. and {Szaniewska}, A. and {Gaudin}, N.~E.},
  Journal                  = {\aap},
  Year                     = {2008},

  Month                    = jun,
  Pages                    = {55},
  Volume                   = {486},

  Adsnote                  = {Provided by the SAO/NASA Astrophysics Data System},
  Adsurl                   = {http://cdsads.u-strasbg.fr/abs/2008arXiv0801.0006R},
  Eprint                   = {0801.0006},
  Origbibcode              = {{2008A&A...486...55R}}
}

@Article{WMAP5Hinshaw,
  Title                    = {{Five-Year Wilkinson Microwave Anisotropy Probe (WMAP) Observations: Data Processing, Sky Maps, and Basic Results}},
  Author                   = {{Hinshaw}, G. and {Weiland}, J.~L. and {Hill}, R.~S. and {Odegard}, N. and {Larson}, D. and {Bennett}, C.~L. and {Dunkley}, J. and {Gold}, B. and {Greason}, M.~R. and {Jarosik}, N. and {Komatsu}, E. and {Nolta}, M.~R. and {Page}, L. and {Spergel}, D.~N. and {Wollack}, E. and {Halpern}, M. and {Kogut}, A. and {Limon}, M. and {Meyer}, S.~S. and {Tucker}, G.~S. and {Wright}, E.~L.},
  Journal                  = {\apjs},
  Year                     = {2009},

  Month                    = feb,
  Pages                    = {225-245},
  Volume                   = {180},

  Adsnote                  = {Provided by the SAO/NASA Astrophysics Data System},
  Adsurl                   = {http://cdsads.u-strasbg.fr/abs/2008arXiv0803.0732H},
  Archiveprefix            = {arXiv},
  Eprint                   = {0803.0732},
  Keywords                 = {Astrophysics}
}
